% Encoding: UTF-8

@Book{Krane1988,
  title     = {Introductory Nuclear Physics},
  publisher = {John Wiley \& Sons},
  year      = {1988},
  author    = {Kenneth S. Krane},
  keywords  = {nuclear},
}

@Book{Wagemans1991,
  title     = {The Nuclear Fission Process},
  publisher = {CRC Press},
  year      = {1991},
  author    = {Cyriel Wagemans},
  editor    = {Cyriel Wagemans},
}

@Booklet{FREYAusemanual,
  title  = {FREYA User Manual 2.0.2},
  author = {J. M. Verbeke, J. Randrup, R. Vogt},
}

@Comment{jabref-meta: databaseType:bibtex;}
